<record>
    <leader>00946nam a2200277   45e0</leader>
    <controlfield tag="001">/000000000//</controlfield>
    <controlfield tag="008">210527c1961    aolmn neo     0   a eng d</controlfield>
    <controlfield tag="003">0</controlfield>
    <datafield ind1=" " ind2=" " tag="010">
        <subfield code="a">sn 000000000 </subfield>
    </datafield>
    <datafield tag="043" ind1=" " ind2=" ">
        <subfield code="a">n-us-ca</subfield>
    </datafield>
    <datafield tag="050" ind1="0" ind2="0">
        <subfield code="a">Newspaper</subfield>
    </datafield>
    <datafield tag="222" ind1=" " ind2="4">
        <subfield code="a">The Aragon Outlook</subfield>
        <subfield code="b">(Aragon High School)</subfield>
    </datafield>
    <datafield tag="245" ind1="0" ind2="4">
        <subfield code="a">The Aragon Outlook</subfield>
    </datafield>
    <datafield tag="260" ind1=" " ind2=" ">
        <subfield code="a">San Mateo, Calif. :</subfield>
        <subfield code="b">Aragon High School,</subfield>
        <subfield code="c">1961-</subfield>
    </datafield>
    <datafield tag="310" ind1=" " ind2=" ">
        <subfield code="a">Monthly</subfield>
    </datafield>
    <datafield tag="336" ind1=" " ind2=" ">
        <subfield code="a">text</subfield>
        <subfield code="b">txt</subfield>
        <subfield code="2">rdacontent</subfield>
    </datafield>
    <datafield tag="362" ind1="0" ind2=" ">
        <subfield code="a">Vol. 1, no. 1 (Sept. 1961)- </subfield>
    </datafield>
    <datafield tag="651" ind1=" " ind2="4">
        <subfield code="a">San Mateo (Calif.)</subfield>
        <subfield code="v">Newspapers.</subfield>
    </datafield>
    <datafield tag="651" ind1=" " ind2="4">
        <subfield code="a">San Francisco Bay Area (Calif.)</subfield>
        <subfield code="v">Newspapers.</subfield>
    </datafield>
    <datafield tag="651" ind1=" " ind2="4">
        <subfield code="a">California</subfield>
        <subfield code="z">San Mateo.</subfield>
    </datafield>
    <datafield tag="651" ind1=" " ind2="4">
        <subfield code="a">California</subfield>
        <subfield code="z">San Francisco Bay Area.</subfield>
    </datafield>
    <datafield tag="655" ind1=" " ind2="4">
        <subfield code="a">Electronic journals.</subfield>
    </datafield>
    <datafield tag="655" ind1=" " ind2="4">
        <subfield code="a">Periodicals.</subfield>
    </datafield>
    <datafield tag="655" ind1=" " ind2="4">
        <subfield code="a">Newspapers.</subfield>
    </datafield>
    <datafield tag="752" ind1=" " ind2=" ">
        <subfield code="a">United States</subfield>
        <subfield code="b">California</subfield>
        <subfield code="c">San Mateo (County)</subfield>
        <subfield code="d">San Mateo</subfield>
        <subfield code="g">Aragon High School.</subfield>
    </datafield>
    <datafield tag="775" ind1="1" ind2=" ">
        <subfield code="t">Monthly Aragon High School student newspaper</subfield>
        <subfield code="e">eng</subfield>
    </datafield>
    <datafield tag="856" ind1="4" ind2=" ">
        <subfield code="u">https://aragonoutlook.org</subfield>
        <subfield code="y">AragonOutlook.org</subfield>
    </datafield>
</record>
